@manual{instruction,
  organization = {Universita di Bologna, Fakult√§t Physik},
  title = {Measuring resistance versus temperature in metal and semiconducting samples},
  year = 2021
}
@article{opticalProp,
  title={Optical properties of solids},
  author={Dresselhaus, MS and Dresselhaus, MS and Tauc, J},
  journal={Part II, book},
  year={1998}
}
@book{festkorperphysik,
  title={Festk{\"o}rperphysik},
  author={Hunklinger, Siegfried},
  year={2017},
  publisher={De Gruyter Oldenbourg}
}
@article{Photoluminescence,
  title={Optical properties of semiconductors},
  author={Amirtharaj, Paul M and Seiler, David G and others},
  journal={Handbook of optics},
  volume={2},
  pages={36--1},
  year={1995},
  publisher={McGRAW-HILL: New York}
}
@article{resistivity,
  title={The electrical resistivity of the simple metals},
  author={Wiser, Nathan},
  journal={Contemporary physics},
  volume={25},
  number={3},
  pages={211--249},
  year={1984},
  publisher={Taylor \& Francis}
}
