@manual{instruction,
  organization = {Universita di Bologna, Fakult√§t Physik},
  title = {2D Bottom-up micro-fabrication and characterization of a photodetector (FAB)},
  year = 2021
}
@article{opticalProp,
  title={Optical properties of solids},
  author={Dresselhaus, MS and Dresselhaus, MS and Tauc, J},
  journal={Part II, book},
  year={1998}
}
@book{festkorperphysik,
  title={Festk{\"o}rperphysik},
  author={Hunklinger, Siegfried},
  year={2017},
  publisher={De Gruyter Oldenbourg}
}
@article{Photoluminescence,
  title={Optical properties of semiconductors},
  author={Amirtharaj, Paul M and Seiler, David G and others},
  journal={Handbook of optics},
  volume={2},
  pages={36--1},
  year={1995},
  publisher={McGRAW-HILL: New York}
}
