@online{Anleitung,
  author = {TU Dortmund},
  title = {V...: ...},
  URL = {'http://129.217.224.2/HOMEPAGE/PHYSIKER/BACHELOR/AP/SKRIPT/...'},
  urldate = "2019-03-14"
}
@manual{scypi,
author = "openProject",
title = "numpy.scypi constants",
year = "2018"
}
