@manual{instruction,
  organization = {Universita di Bologna, Fakulty of physics},
  title = {Identification of an unknown sample through X-ray Fluorescence and Diffraction},
  year = 2021
}
@article{opticalProp,
  title={Optical properties of solids},
  author={Dresselhaus, MS and Dresselhaus, MS and Tauc, J},
  journal={Part II, book},
  year={1998}
}
@book{festkorperphysik,
  title={Festk{\"o}rperphysik},
  author={Hunklinger, Siegfried},
  year={2017},
  publisher={De Gruyter Oldenbourg}
}
@article{Photoluminescence,
  title={Optical properties of semiconductors},
  author={Amirtharaj, Paul M and Seiler, David G and others},
  journal={Handbook of optics},
  volume={2},
  pages={36--1},
  year={1995},
  publisher={McGRAW-HILL: New York}
}
@article{Ba-source,
  title={Update of X-ray and Gamma-ray Decay Data Standards for Detector Calibration and Other Applications},
  author={Helene, OA and Vanin, Vito R and Helmer, Richard G and Sch{\"o}nfeld, Eckart and Dersch, Rainer and Baglin, Coral M and Browne, Edgardo and Castro, Rui M and Pascholati, Paulo R},
  journal={International Atomic Energy Agency: Vienna},
  volume={210},
  year={2007}
}
@article{Cu,
  title={Chemical analysis by X-ray diffraction},
  author={Hanawalt, JD and Rinn, HW and Frevel, LK},
  journal={Industrial \& Engineering Chemistry Analytical Edition},
  volume={10},
  number={9},
  pages={457--512},
  year={1938},
  publisher={ACS Publications}
}
@book{CuO,
  title={Crystal Data; Determinative Tables},
  author={Donnay, Joseph D{\'e}sir{\'e} Hubert},
  number={5},
  year={1963},
  publisher={American Crystallographic Association}
}