@manual{instruction,
  organization = {Universita di Bologna, Fakult√§t Physik},
  title = {Measuring the Photoluminescence of Semiconducting Nanoparticles},
  year = 2021
}
@article{opticalProp,
  title={Optical properties of solids},
  author={Dresselhaus, MS and Dresselhaus, MS and Tauc, J},
  journal={Part II, book},
  year={1998}
}
@book{festkorperphysik,
  title={Festk{\"o}rperphysik},
  author={Hunklinger, Siegfried},
  year={2017},
  publisher={De Gruyter Oldenbourg}
}
@article{Photoluminescence,
  title={Optical properties of semiconductors},
  author={Amirtharaj, Paul M and Seiler, David G and others},
  journal={Handbook of optics},
  volume={2},
  pages={36--1},
  year={1995},
  publisher={McGRAW-HILL: New York}
}
@article{clocks,
  title={Non-volatile clocked spin wave interconnect for beyond-CMOS nanomagnet pipelines},
  author={Dutta, Sourav and Chang, Sou-Chi and Kani, Nickvash and Nikonov, Dmitri E and Manipatruni, Sasikanth and Young, Ian A and Naeemi, Azad},
  journal={Scientific reports},
  volume={5},
  number={1},
  pages={1--9},
  year={2015},
  publisher={Nature Publishing Group}
}
@article{perovskite,
  title={Perspectives of Organic and Perovskite-Based Spintronics},
  author={Privitera, Alberto and Righetto, Marcello and Cacialli, Franco and Riede, Moritz K},
  journal={Advanced Optical Materials},
  pages={2100215},
  year={2021},
  publisher={Wiley Online Library}
}
@article{microwave,
  title={Microwave functionality of spintronic devices implemented in a hybrid complementary metal oxide semiconductor and magnetic tunnel junction technology},
  author={Ma, Rui and El Valli, Ahmed Sidi and Krei{\ss}ig, Martin and Di Pendina, Gregory and Protze, Florian and Ebels, Ursula and Prenat, Guillaume and Chavent, Antoine and Iurchuk, Vadym and Sousa, Ricardo and others},
  journal={Electronics Letters},
  volume={57},
  number={6},
  pages={264--266},
  year={2021}
}
@article{2D,
  title={2D materials for spintronic devices},
  author={Ahn, Ethan C},
  journal={npj 2D Materials and Applications},
  volume={4},
  number={1},
  pages={1--14},
  year={2020},
  publisher={Nature Publishing Group}
}
@article{SC-spintronics,
  title={Semiconductor spintronics},
  author={Fabian, Jaroslav and Matos-Abiague, Alex and Ertler, Christian and Stano, Peter and Zutic, Igor},
  journal={arXiv preprint arXiv:0711.1461},
  year={2007}
}
@article{appl-organic,
  title={The application of organic semiconductor materials in spintronics},
  author={Zhang, Yixiao and Guo, Lidan and Zhu, Xiangwei and Sun, Xiangnan},
  journal={Frontiers in Chemistry},
  volume={8},
  pages={965},
  year={2020},
  publisher={Frontiers}
}
@article{single-crystals,
  title={The prospects of organic semiconductor single crystals for spintronic applications},
  author={Ding, Mingyi and Gu, Xianrong and Guo, Lidan and Zhang, Rui and Zhu, Xiangwei and Li, Rongjin and Zhang, Xiaotao and Hu, Wenping and Sun, Xiangnan},
  journal={Journal of Materials Chemistry C},
  year={2022},
  publisher={Royal Society of Chemistry}
}
@article{computing,
  title={Introduction to spin wave computing},
  author={Mahmoud, Abdulqader and Ciubotaru, Florin and Vanderveken, Frederic and Chumak, Andrii V and Hamdioui, Said and Adelmann, Christoph and Cotofana, Sorin},
  journal={Journal of Applied Physics},
  volume={128},
  number={16},
  pages={161101},
  year={2020},
  publisher={AIP Publishing LLC}
}
@article{routes,
  title={Spin routes in organic semiconductors},
  author={Dediu, V Alek and Hueso, Luis E and Bergenti, Ilaria and Taliani, Carlo},
  journal={Nature materials},
  volume={8},
  number={9},
  pages={707--716},
  year={2009},
  publisher={Nature Publishing Group}
}