@manual{instruction,
  organization = {Universita di Bologna, Fakult√§t Physik},
  title = {Measuring the Photoluminescence of Semiconducting Nanoparticles},
  year = 2021
}
@article{opticalProp,
  title={Optical properties of solids},
  author={Dresselhaus, MS and Dresselhaus, MS and Tauc, J},
  journal={Part II, book},
  year={1998}
}
@book{festkorperphysik,
  title={Festk{\"o}rperphysik},
  author={Hunklinger, Siegfried},
  year={2017},
  publisher={De Gruyter Oldenbourg}
}
